@article{Liou20081046,
title = "Instability of the present \{LEO\} satellite populations ",
journal = "Advances in Space Research ",
volume = "41",
number = "7",
pages = "1046 - 1053",
year = "2008",
note = "",
issn = "0273-1177",
doi = "http://dx.doi.org/10.1016/j.asr.2007.04.081",
url = "http://www.sciencedirect.com/science/article/pii/S0273117707004097",
author = "J.-C. Liou and N.L. Johnson",
keywords = "Orbital debris",
keywords = "Population growth",
keywords = "Modeling "
}

