@article{lethal_debris,
title = "Cost and risk assessment for spacecraft operation decisions caused by the space debris environment ",
journal = "Acta Astronautica ",
volume = "113",
number = "",
pages = "66 - 79",
year = "2015",
note = "",
issn = "0094-5765",
doi = "http://dx.doi.org/10.1016/j.actaastro.2015.03.028",
url = "http://www.sciencedirect.com/science/article/pii/S0094576515001289",
author = "Hanspeter Schaub and Lee E.Z. Jasper and Paul V. Anderson and Darren S. McKnight",
keywords = "Space debris",
keywords = "Debris mitigation "
}

