%  a sample bibliography file
% 
 
@inproceedings{kesslerSyndrome,
author = {Kessler, D. and Johnson, N.L. and Liou J.C. and Matney M. },
editor = {AAS},
title = {Analysis of the consequences in low Earth orbit of the collision between Cosmos 2251 and Iridium 33},
booktitle = {33rd Annual AAS Guidance and Control Conference},
year = {2010},
location = {Colorado, Breckenridge},
month = {February},
url = {http://webpages.charter.net/dkessler/files/Kessler%20Syndrome-AAS%20Paper.pdf},
}


@book{orbitalDebris,
editor = {J. Fagerberg and D.C. Mowery and R.R. Nelson}, 
title      = {Orbital Debris: A Technical Assesment},
booktitle = {Orbital Debris: A Technical Assesment},
publisher = {National Academy Press},
address = {Washington D.C.},
year = 1995
}

@misc{studyOfOrbitalDebris,
  author = "Zach Wilson",
  title = "A Study of Orbital Debris",
  howpublished = "\url{http://ccar.colorado.edu/asen5050/projects/projects_2003/wilson/}",
}

@misc{satelliteDB,
  author = "Union of Concerned Scientists",
  title = "UCS Satellite Database",
  howpublished = "\url{http://www.ucsusa.org/nuclear-weapons/space-weapons/satellite-database#.Vq1vlDYrKYU}",
}

@misc{spaceLaunchReport,
  author = "Ed Kyle",
  title = "Space Launch Report",
  howpublished = "\url{http://www.spacelaunchreport.com/index.html}",
}

@misc{debrisFAQ,
 author = {National Aeronautics Space Administration (NASA)},
 title = {Orbital Debris Frequently Asked Questions},
 howpublished = "\url{http://orbitaldebris.jsc.nasa.gov/faqs.html}"
}

@misc{esaISS,
 author = {European Space Agency (ESA)},
 title = {International Space Station},
 howpublished = "\url{http://www.esa.int/Our_Activities/Human_Spaceflight/International_Space_Station/ISS_International_Space_Station}"
}

@article{EDDE,
	author	=	"J. Pearson J. Carroll E. Levin",
	title	=	"Active Debris Removal: EDDE, the ElectroDynamic Debris Eliminator",
	journal =   "Space Manufacturing 14: Critical Technologies for Space Settlement ",
	month   =  "October",
	year		=	2010
}

@article{CollisionProbs,
title = "Collision activities in the future orbital debris environment ",
journal = "Advances in Space Research ",
volume = "38",
number = "9",
pages = "2102 - 2106",
year = "2006",
note = "Small Bodies in the Solar System; Space Debris ",
issn = "0273-1177",
doi = "http://dx.doi.org/10.1016/j.asr.2005.06.021",
url = "http://www.sciencedirect.com/science/article/pii/S0273117705008057",
author = "J.-C. Liou",
}

@article{CollisionProbs2,
title = "Space debris: Assessing risk and responsibility ",
journal = "Advances in Space Research ",
volume = "43",
number = "9",
pages = "1372 - 1390",
year = "2009",
note = "",
issn = "0273-1177",
doi = "http://dx.doi.org/10.1016/j.asr.2009.02.006",
url = "http://www.sciencedirect.com/science/article/pii/S0273117709001240",
author = "Andrew M. Bradley and Lawrence M. Wein",
}

@inproceedings{IridiumProbs,
author = {Anselmo, L., Pardini, C. },
editor = {CNES},
title = {Analysis of the consequences in low Earth orbit of the collision between Cosmos 2251 and Iridium 33},
booktitle = {Proceedings of the 21st International Symposium on Space Flight Dynamics},
year = {2009},
location = {Toulouse, France},
onth = {November},
url = {http://webpages.charter.net/dkessler/files/Kessler%20Syndrome-AAS%20Paper.pdf},
}


@article{Explosion1,
author = {Glenn Harris},
title = {Space debris from satellite explosion increases collision risk for space craft},
journaltitle = {Journal of Guidance, Control, and Dynamics},
year = {2015},
url = {http://phys.org/news/2015-05-space-debris-satellite-explosion-collision.html},
}




@misc{webPlotDigitizer,
author = {Ankit Rohatgi},
title = {WebPlotDigitizer: Version 3.9},
howpublished = "\url{http://arohatgi.info/WebPlotDigitizer/}",
}


@TechReport{NasaLEODensity,
author = {National Aeronautics and Space Administration (NASA)},
title = {USA Space Debris Environment, Operations, and Policy Updates},
institution = {Scientific and Technical Subcommittee, Committee on the Peaceful Uses of Outer Space United NAtions},
year = {2011},
OPTmonth = {February},
url = {http://www.unoosa.org/pdf/pres/stsc2011/tech-31.pdf},
}

@report{ORION,
author = {J.W. Campbell},
title = {Project ORION: Orbital Debris Removal Using Ground-Based Sensors and Lasers},
institution = {National Aeronautics and Space Administration (NASA)},
year = {1996},
type = {Technical Memorandum},
OPTnumber = {108522},
}

@article{SpaceBasedLaserSweep,
title = "Performance model for space-based laser debris sweepers ",
journal = "Acta Astronautica ",
volume = "115",
number = "",
pages = "376 - 383",
year = "2015",
note = "",
issn = "0094-5765",
doi = "http://dx.doi.org/10.1016/j.actaastro.2015.05.032",
url = "http://www.sciencedirect.com/science/article/pii/S0094576515002271",
author = "Manuel Schmitz and Stefanos Fasoulas and Jens Utzmann",
keywords = "Space debris",
keywords = "Laser ablation",
keywords = "Active debris removal",
keywords = "Parametric mission concept study",
keywords = "Space based",
keywords = "Low Earth orbit (LEO) "
}


@article{CurrentCostRisk,
title = "Cost and risk assessment for spacecraft operation decisions caused by the space debris environment ",
journal = "Acta Astronautica ",
volume = "113",
number = "",
pages = "66 - 79",
year = "2015",
note = "",
issn = "0094-5765",
doi = "http://dx.doi.org/10.1016/j.actaastro.2015.03.028",
url = "http://www.sciencedirect.com/science/article/pii/S0094576515001289",
author = "Hanspeter Schaub and Lee E.Z. Jasper and Paul V. Anderson and Darren S. McKnight",
keywords = "Space debris",
keywords = "Debris mitigation ",
}


@article{PhippsSpaceLaserNudge,
author = {{Phipps}, C.~R. and {Bonnal}, C.},
title = "{A spaceborne, pulsed UV laser system for re-entering or nudging LEO debris, and re-orbiting GEO debris}",
journal = {Acta Astronautica},
keywords = {Geosynchronous orbit, Space debris removal, Laser ablation, Laser-produced plasma, Ultraviolet lasers, Laser-surface interaction},
year = 2016,
month = jan,
volume = 118,
pages = {224-236},
doi = {10.1016/j.actaastro.2015.10.005},
adsurl = {http://adsabs.harvard.edu/abs/2016AcAau.118..224P},
adsnote = {Provided by the SAO/NASA Astrophysics Data System}
}

@article{NumericalGroundBasedLasers,
title = "Numerical simulation and experiments of ground-based laser irradiating small scale space debris ",
journal = "Optik - International Journal for Light and Electron Optics ",
volume = "127",
number = "3",
pages = "1078 - 1083",
year = "2016",
note = "",
issn = "0030-4026",
doi = "http://dx.doi.org/10.1016/j.ijleo.2015.10.142",
url = "http://www.sciencedirect.com/science/article/pii/S0030402615015107",
author = "Yingwu Fang and Liwei Yang and Shanghong Zhao and Yi Wang",
keywords = "Ground-based laser",
keywords = "Space debris",
keywords = "Laser irradiation",
keywords = "Dynamic model ",
}

@proceedings{PhippsSpaceLaserNow,
author = {Phipps, Claude R.},
title = {
Laser space debris removal: now, not later
},
journal = {Proc. SPIE},
volume = {9255},
number = {},
pages = {92553Q-92553Q-18},
year = {2015},
doi = {10.1117/12.2081487},
URL = { http://dx.doi.org/10.1117/12.2081487},
}

@article{ReductionMethods,
title = "Numerical simulation and experiments of ground-based laser irradiating small scale space debris ",
journal = "Optik - International Journal for Light and Electron Optics ",
volume = "127",
number = "3",
pages = "1078 - 1083",
year = "2016",
note = "",
issn = "0030-4026",
doi = "http://dx.doi.org/10.1016/j.ijleo.2015.10.142",
url = "http://www.sciencedirect.com/science/article/pii/S0030402615015107",
author = "Yingwu Fang and Liwei Yang and Shanghong Zhao and Yi Wang",
}

@article{PhippsRemovingDebris,
title = "Removing orbital debris with lasers ",
journal = "Advances in Space Research ",
volume = "49",
number = "9",
pages = "1283 - 1300",
year = "2012",
note = "",
issn = "0273-1177",
doi = "http://dx.doi.org/10.1016/j.asr.2012.02.003",
url = "http://www.sciencedirect.com/science/article/pii/S0273117712001020",
author = "Claude R. Phipps and Kevin L. Baker and Stephen B. Libby and Duane A. Liedahl and Scot S. Olivier and Lyn D. Pleasance and Alexander Rubenchik and James E. Trebes and E. Victor George and Bogdan Marcovici and James P. Reilly and Michael T. Valley",
}
@article{lethal_debris,
title = "Cost and risk assessment for spacecraft operation decisions caused by the space debris environment ",
journal = "Acta Astronautica ",
volume = "113",
number = "",
pages = "66 - 79",
year = "2015",
note = "",
issn = "0094-5765",
doi = "http://dx.doi.org/10.1016/j.actaastro.2015.03.028",
url = "http://www.sciencedirect.com/science/article/pii/S0094576515001289",
author = "Hanspeter Schaub and Lee E.Z. Jasper and Paul V. Anderson and Darren S. McKnight",
keywords = "Space debris",
keywords = "Debris mitigation "
}