%  a sample bibliography file
%  

@book{orbitalDebris,
editor = {J. Fagerberg and D.C. Mowery and R.R. Nelson}, 
title      = {Orbital Debris: A Technical Assesment},
booktitle = {Orbital Debris: A Technical Assesment},
publisher = {National Academy Press},
address = {Washington D.C.},
year = 1995
}

@misc{studyOfOrbitalDebris,
  author = "Zach Wilson",
  title = "A Study of Orbital Debris",
  howpublished = "\url{http://ccar.colorado.edu/asen5050/projects/projects_2003/wilson/}",
}


@misc{spaceLaunchReport,
  author = "Ed Kyle",
  title = "Space Launch Report",
  howpublished = "\url{http://www.spacelaunchreport.com/index.html}",
}

@misc{debrisFAQ,
 author = {National Aeronautics Space Administration (NASA)},
 title = {Orbital Debris Frequently Asked Questions},
 howpublished = "\url{http://orbitaldebris.jsc.nasa.gov/faqs.html}"
}

@misc{esaISS,
 author = {European Space Agency (ESA)},
 title = {International Space Station},
 howpublished = "\url{http://www.esa.int/Our_Activities/Human_Spaceflight/International_Space_Station/ISS_International_Space_Station}"
}

@article{EDDE,
	author	=	"J. Pearson J. Carroll E. Levin",
	title	=	"Active Debris Removal: EDDE, the ElectroDynamic Debris Eliminator",
	journal =   "Space Manufacturing 14: Critical Technologies for Space Settlement ",
	month   =  "October",
	year		=	2010
}

@misc{blender1,
  author = "Blender Foundation",
  title = "Blender",
  howpublished = "\url{http://www.blender.org/}",
}


@misc{blender2,
  author = "Blender Foundation",
  title = "Blender python api",
  howpublished = "\url{http://www.blender.org/documentation/blender_python_api_2_69_10/}",
}

@misc{prman,
  author = "Pixar",
  title = "Photorealistic renderman (prman)",
  howpublished = "\url{http://renderman.pixar.com/view/renderman}",
}

@misc{pixie,
  author = "O. Arikan",
  title = "Pixie",
  howpublished = "\url{http://www.renderpixie.com/}",
}

@misc{aqsis,
  author = "P. Gregory",
  title = "Aqsis",
  howpublished = "\url{http://www.aqsis.org/}",
}

@misc{me759,
  author = "SBEL",
  title = "ECE/ME/EMA/CS 759: High-Performance Computing for Applications in Engineering",
  howpublished = "\url{http://sbel.wisc.edu/Courses/ME964/2015/}",
}

@misc{jrman,
  author = "G. Horvilleur J. Vargas E. Garduno A. Falappa",
  title = "jrman",
  howpublished = "\url{http://www.jrman.org/}",
}

@misc{bwsip,
  author = "Blue Waters Program",
  title = "Blue Waters Student Internship Program",
  howpublished = "\url{http://shodor.org/petascale/participation/internships/}",
}

@article{chrono,
	author	=	"H. Mazhar T. Heyn A. Pazouki D. Melanz A. Seidl A. Bartholomew A. Tasore D. Negrut",
	title	=	"Chrono: a parallel multi-physics library for rigid-body, flexible-body, and fluid dynamics",
	journal =   "Mechanical Sciences",
	volume  =	"4",
	number  =   "1",
	pages	= 	"49--64",
	year		=	2013
}
	



@misc{SnPM,
 author = {SPM},
 title = {Statistical non Parametric Mapping Toolbox (SnPM)},
 note = {Available online at http://www2.warwick.ac.uk/fac/sci/statistics/staff/academic-research/nichols/software/snpm},
 year = 2013
}



@article{permory,
author = {Roman Pahl and Helmut Schafer},
title = {PERMORY: an LD-exploting permutation test algorithm for powerful genome-wide association testing},
journal = {Bioinformatics},
volume = 26, 
number = 17, 
pages = {2093--2100}, 
year = 2010
}

@article{Nichols02,
author = {Thomas E. Nichols and Andrew P. Holmes},
title = {Nonparametric permutation tests for functional neuroimaging: A primer with examples},
journal = {Human Brain Map},
volume = 15, 
number = 1, 
pages = {1--25}, 
year = 2002
}

@article{Holmes96,
author = {A.P. Holmes and R.C. Blair and J.D. Watson and I. Ford},
title = {Nonparametric analysis of statistic images from functional mapping experiments},
journal = {J. Cereb. Blood Flow Metab},
volume = 16, 
number = 1, 
pages = {7--22}, 
year = 1996
}

@article{chronoFSI,
author = {A. Pazouki R. Serban D. Negrut},
title = {A high performance computing approach to the simulation of fully resolved coupled fluid-multibody dynamics systems with free surfaces},
journal = {Archive of Mechanical Engineering},
volume = 61, 
number = 2, 
pages = {227--251}, 
year = 2014
}

@article{Lafleur09,
author = {Bonnie LaFleur and Robert Greevy},
title = {Introduction to Permutation and Resampling-Based Hypothesis Tests},
journal = {Journal of Clinical Child and Adolescent Psychology},
volume = 38, 
number = 2, 
pages = {286--294}, 
year = 2009
}


@article{Ithapu13,
 author = {C. Hinrichs and V.K. Ithapu and Q. Sun and V. Singh and S.C Johnson},
 title = {Speeding up Permutation Testing in Neuroimaging},
 journal = {Neural Information Processing Systems (NIPS)},
 year = 2013
}

@article{Eklund11,
 author = {Anders Eklund and Mats Andersson and Hans Knutsson},
 title = {Fast Random Permutation Tests Enable Objective Evaluation of Methods for Single Subject fMRI Analysis},
 journal = {International Journal of Biomedical Imaging},
 year = 2011
}

@article{Yang15,
 author = {Guangyuan Yang and Wei Jiang and Qiang Yang and Weichuan Yu},
 title = {PBOOST: a GPU-based tool for parallel permutation tests in genome-wide association studies},
 journal = {Bioinformatics},
 volume = 31,
 number = 9,
 pages = {1460--1462},
 year = 2015
}


%  The authors mentioned here are almost, but not quite,
%  entirely unrelated to Matt Groening.

