@misc{webPlotDigitizer,
author = {Ankit Rohatgi},
title = {WebPlotDigitizer: Version 3.9},
howpublished = "\url{http://arohatgi.info/WebPlotDigitizer/}",
}


@TechReport{NasaLEODensity,
author = {National Aeronautics and Space Administration (NASA)},
title = {USA Space Debris Environment, Operations, and Policy Updates},
institution = {Scientific and Technical Subcommittee, Committee on the Peaceful Uses of Outer Space United NAtions},
year = {2011},
OPTmonth = {February},
url = {http://www.unoosa.org/pdf/pres/stsc2011/tech-31.pdf},
}

@report{ORION,
author = {J.W. Campbell},
title = {Project ORION: Orbital Debris Removal Using Ground-Based Sensors and Lasers},
institution = {National Aeronautics and Space Administration (NASA)},
year = {1996},
type = {Technical Memorandum},
OPTnumber = {108522},
}

@article{SpaceBasedLaserSweep,
title = "Performance model for space-based laser debris sweepers ",
journal = "Acta Astronautica ",
volume = "115",
number = "",
pages = "376 - 383",
year = "2015",
note = "",
issn = "0094-5765",
doi = "http://dx.doi.org/10.1016/j.actaastro.2015.05.032",
url = "http://www.sciencedirect.com/science/article/pii/S0094576515002271",
author = "Manuel Schmitz and Stefanos Fasoulas and Jens Utzmann",
keywords = "Space debris",
keywords = "Laser ablation",
keywords = "Active debris removal",
keywords = "Parametric mission concept study",
keywords = "Space based",
keywords = "Low Earth orbit (LEO) "
}


@article{CurrentCostRisk,
title = "Cost and risk assessment for spacecraft operation decisions caused by the space debris environment ",
journal = "Acta Astronautica ",
volume = "113",
number = "",
pages = "66 - 79",
year = "2015",
note = "",
issn = "0094-5765",
doi = "http://dx.doi.org/10.1016/j.actaastro.2015.03.028",
url = "http://www.sciencedirect.com/science/article/pii/S0094576515001289",
author = "Hanspeter Schaub and Lee E.Z. Jasper and Paul V. Anderson and Darren S. McKnight",
keywords = "Space debris",
keywords = "Debris mitigation ",
}


@article{PhippsSpaceLaserNudge,
author = {{Phipps}, C.~R. and {Bonnal}, C.},
title = "{A spaceborne, pulsed UV laser system for re-entering or nudging LEO debris, and re-orbiting GEO debris}",
journal = {Acta Astronautica},
keywords = {Geosynchronous orbit, Space debris removal, Laser ablation, Laser-produced plasma, Ultraviolet lasers, Laser-surface interaction},
year = 2016,
month = jan,
volume = 118,
pages = {224-236},
doi = {10.1016/j.actaastro.2015.10.005},
adsurl = {http://adsabs.harvard.edu/abs/2016AcAau.118..224P},
adsnote = {Provided by the SAO/NASA Astrophysics Data System}
}

@article{NumericalGroundBasedLasers,
title = "Numerical simulation and experiments of ground-based laser irradiating small scale space debris ",
journal = "Optik - International Journal for Light and Electron Optics ",
volume = "127",
number = "3",
pages = "1078 - 1083",
year = "2016",
note = "",
issn = "0030-4026",
doi = "http://dx.doi.org/10.1016/j.ijleo.2015.10.142",
url = "http://www.sciencedirect.com/science/article/pii/S0030402615015107",
author = "Yingwu Fang and Liwei Yang and Shanghong Zhao and Yi Wang",
keywords = "Ground-based laser",
keywords = "Space debris",
keywords = "Laser irradiation",
keywords = "Dynamic model ",
}

@proceedings{PhippsSpaceLaserNow,
author = {Phipps, Claude R.},
title = {
Laser space debris removal: now, not later
},
journal = {Proc. SPIE},
volume = {9255},
number = {},
pages = {92553Q-92553Q-18},
year = {2015},
doi = {10.1117/12.2081487},
URL = { http://dx.doi.org/10.1117/12.2081487},
}

@article{ReductionMethods,
title = "Numerical simulation and experiments of ground-based laser irradiating small scale space debris ",
journal = "Optik - International Journal for Light and Electron Optics ",
volume = "127",
number = "3",
pages = "1078 - 1083",
year = "2016",
note = "",
issn = "0030-4026",
doi = "http://dx.doi.org/10.1016/j.ijleo.2015.10.142",
url = "http://www.sciencedirect.com/science/article/pii/S0030402615015107",
author = "Yingwu Fang and Liwei Yang and Shanghong Zhao and Yi Wang",
}

@article{PhippsRemovingDebris,
title = "Removing orbital debris with lasers ",
journal = "Advances in Space Research ",
volume = "49",
number = "9",
pages = "1283 - 1300",
year = "2012",
note = "",
issn = "0273-1177",
doi = "http://dx.doi.org/10.1016/j.asr.2012.02.003",
url = "http://www.sciencedirect.com/science/article/pii/S0273117712001020",
author = "Claude R. Phipps and Kevin L. Baker and Stephen B. Libby and Duane A. Liedahl and Scot S. Olivier and Lyn D. Pleasance and Alexander Rubenchik and James E. Trebes and E. Victor George and Bogdan Marcovici and James P. Reilly and Michael T. Valley",
}