@article{ReductionMethods,
title = "Numerical simulation and experiments of ground-based laser irradiating small scale space debris ",
journal = "Optik - International Journal for Light and Electron Optics ",
volume = "127",
number = "3",
pages = "1078 - 1083",
year = "2016",
note = "",
issn = "0030-4026",
doi = "http://dx.doi.org/10.1016/j.ijleo.2015.10.142",
url = "http://www.sciencedirect.com/science/article/pii/S0030402615015107",
author = "Yingwu Fang and Liwei Yang and Shanghong Zhao and Yi Wang",
}

