@misc{webPlotDigitizer
  author       = {Ankit Rohatgi},
  title        = {WebPlotDigitizer: Version 3.9},
  howpublished = "\url{http://dx.doi.org/10.5281/zenodo.32375}",
}